@book{bishop2006pattern,
  title={Pattern recognition and machine learning},
  author={Bishop, Christopher M},
  year={2006},
  publisher={springer}
}

@incollection{qazaz1997upper,
  title={An upper bound on the Bayesian error bars for generalized linear regression},
  author={Qazaz, Cazhaow S and Williams, Christopher KI and Bishop, Christopher M},
  booktitle={Mathematics of Neural Networks},
  pages={295--299},
  year={1997},
  publisher={Springer}
}

@inproceedings{deisenroth2011pilco,
  title={PILCO: A model-based and data-efficient approach to policy search},
  author={Deisenroth, Marc and Rasmussen, Carl E},
  booktitle={Proceedings of the 28th International Conference on machine learning (ICML-11)},
  pages={465--472},
  year={2011}
}

@article{deisenroth2013gaussian,
  title={Gaussian processes for data-efficient learning in robotics and control},
  author={Deisenroth, Marc Peter and Fox, Dieter and Rasmussen, Carl Edward},
  journal={IEEE transactions on pattern analysis and machine intelligence},
  volume={37},
  number={2},
  pages={408--423},
  year={2013},
  publisher={IEEE}
}

@book{deisenroth2010efficient,
  title={Efficient reinforcement learning using Gaussian processes},
  author={Deisenroth, Marc Peter},
  volume={9},
  year={2010},
  publisher={KIT Scientific Publishing}
}

@book{williams2006gaussian,
  title={Gaussian processes for machine learning},
  author={Williams, Christopher KI and Rasmussen, Carl Edward},
  volume={2},
  number={3},
  year={2006},
  publisher={MIT press Cambridge, MA}
}

@article{quia2010sparse,
  title={Sparse spectrum Gaussian process regression},
  author={Qui{\~n}onero-Candela, Joaquin and Rasmussen, Carl Edward and Figueiras-Vidal, An{\~A}bal R and others},
  journal={Journal of Machine Learning Research},
  volume={11},
  number={Jun},
  pages={1865--1881},
  year={2010}
}

@book{sutton2018reinforcement,
  title={Reinforcement learning: An introduction},
  author={Sutton, Richard S and Barto, Andrew G},
  year={2018},
  publisher={MIT press}
}

@article{quinonero2005unifying,
  title={A unifying view of sparse approximate Gaussian process regression},
  author={Qui{\~n}onero-Candela, Joaquin and Rasmussen, Carl Edward},
  journal={Journal of Machine Learning Research},
  volume={6},
  number={Dec},
  pages={1939--1959},
  year={2005}
}

@book{stein1999interpolation,
  title={Interpolation of spatial data},
  author={Stein, Michael L},
  year={1999},
  publisher={Springer-Verlag},
  note={pg. 24}
}

@book{chatfield1989timeseries,
  title={The Analysis of Time Seriesâ€”An Introduction},
  author={Chatfield, Christopher},
  year={1989},
  publisher={Chapman and Hall, London},
  edition=4,
  note={pg. 94-95}
}

@inproceedings{schneider1997exploiting,
  title={Exploiting model uncertainty estimates for safe dynamic control learning},
  author={Schneider, Jeff G},
  booktitle={Advances in neural information processing systems},
  pages={1047--1053},
  year={1997}
}

@inproceedings{atkeson1997comparison,
  title={A comparison of direct and model-based reinforcement learning},
  author={Atkeson, Christopher G and Santamaria, Juan Carlos},
  booktitle={Proceedings of International Conference on Robotics and Automation},
  volume={4},
  pages={3557--3564},
  year={1997},
  organization={IEEE}
}

@article{der2009aleatory,
  title={Aleatory or epistemic? Does it matter?},
  author={Der Kiureghian, Armen and Ditlevsen, Ove},
  journal={Structural Safety},
  volume={31},
  number={2},
  pages={105--112},
  year={2009},
  publisher={Elsevier}
}

@inproceedings{kendall2017uncertainties,
  title={What uncertainties do we need in bayesian deep learning for computer vision?},
  author={Kendall, Alex and Gal, Yarin},
  booktitle={Advances in neural information processing systems},
  pages={5574--5584},
  year={2017}
}

@article{glascher2010states,
  title={States versus rewards: dissociable neural prediction error signals underlying model-based and model-free reinforcement learning},
  author={Gl{\"a}scher, Jan and Daw, Nathaniel and Dayan, Peter and O'Doherty, John P},
  journal={Neuron},
  volume={66},
  number={4},
  pages={585--595},
  year={2010},
  publisher={Elsevier}
}

@article{mnih2015human,
  title={Human-level control through deep reinforcement learning},
  author={Mnih, Volodymyr and Kavukcuoglu, Koray and Silver, David and Rusu, Andrei A and Veness, Joel and Bellemare, Marc G and Graves, Alex and Riedmiller, Martin and Fidjeland, Andreas K and Ostrovski, Georg and others},
  journal={Nature},
  volume={518},
  number={7540},
  pages={529},
  year={2015},
  publisher={Nature Publishing Group}
}

@inproceedings{Wan2018ModelbasedRL,
  title={Model-based Reinforcement Learning with Non-linear Expectation Models and Stochastic Environments},
  author={Yi Wan and Muhammad Zaheer and Martha White and Richard S. Sutton},
  year={2018}
}

@inproceedings{lopes2012exploration,
  title={Exploration in model-based reinforcement learning by empirically estimating learning progress},
  author={Lopes, Manuel and Lang, Tobias and Toussaint, Marc and Oudeyer, Pierre-Yves},
  booktitle={Advances in neural information processing systems},
  pages={206--214},
  year={2012}
}

@article{buesing2018woulda,
  title={Woulda, coulda, shoulda: Counterfactually-guided policy search},
  author={Buesing, Lars and Weber, Theophane and Zwols, Yori and Racaniere, Sebastien and Guez, Arthur and Lespiau, Jean-Baptiste and Heess, Nicolas},
  journal={arXiv preprint arXiv:1811.06272},
  year={2018}
}

@inproceedings{thrun1992active,
  title={Active exploration in dynamic environments},
  author={Thrun, Sebastian B and M{\"o}ller, Knut},
  booktitle={Advances in neural information processing systems},
  pages={531--538},
  year={1992}
}

@article{zhaohan2019directed,
  author    = {Zhaohan Daniel Guo and
               Emma Brunskill},
  title     = {Directed Exploration for Reinforcement Learning},
  journal   = {CoRR},
  volume    = {abs/1906.07805},
  year      = {2019},
  url       = {http://arxiv.org/abs/1906.07805},
  archivePrefix = {arXiv},
  eprint    = {1906.07805},
  timestamp = {Mon, 24 Jun 2019 17:28:45 +0200},
  biburl    = {https://dblp.org/rec/bib/journals/corr/abs-1906-07805},
  bibsource = {dblp computer science bibliography, https://dblp.org}
}

@article{deisenroth2013pilco-documentation,
  title={PILCO Code Documentation v0. 9},
  author={Deisenroth, Marc Peter and McHutchon, Andrew and Hall, Joe and Rasmussen, Carl Edward},
  year={2013},
  publisher={Citeseer}
}

@article{depeweg2017decomposition,
  title={Decomposition of uncertainty in Bayesian deep learning for efficient and risk-sensitive learning},
  author={Depeweg, Stefan and Hern{\'a}ndez-Lobato, Jos{\'e} Miguel and Doshi-Velez, Finale and Udluft, Steffen},
  journal={arXiv preprint arXiv:1710.07283},
  year={2017}
}